<?xml version="1.0" encoding="UTF-8"?><collection xmlns="http://www.loc.gov/MARC21/slim"><record><leader>00488nam--2200133-i-4500</leader><controlfield tag="001">000047857</controlfield><controlfield tag="002">20161230</controlfield><controlfield tag="005">20161230201046</controlfield><controlfield tag="008">060222s1000------------r-----000-0-eng-d</controlfield><datafield ind1=" " ind2=" " tag="080"><subfield code="a">541.49(043):535.338.42(043)</subfield></datafield><datafield ind1=" " ind2=" " tag="100"><subfield code="a">Ypenbug, J.W</subfield></datafield><datafield ind1=" " ind2=" " tag="245"><subfield code="a">A spectroscopic investigation of some `spherical` molecules x(yr)4 (x=c, si, ge, sn: y=o, s and r=methyl, ethyl, isopropyl) and of(ch3)2s, ch3scd3, (cd3)2s and (ch3)3 sbr</subfield></datafield><datafield ind1=" " ind2=" " tag="260"><subfield code="a">Amsterdam, Univ.Van Amsterdam, 1971, 98p</subfield></datafield><datafield ind1=" " ind2=" " tag="852"><subfield code="a">40557</subfield></datafield></record></collection>